[gd_scene load_steps=9 format=2]

[ext_resource path="res://scenes/player/player_ship.tscn" type="PackedScene" id=1]
[ext_resource path="res://scenes/effects/Clouds.tscn" type="PackedScene" id=2]
[ext_resource path="res://scenes/player/HUD.tscn" type="PackedScene" id=3]
[ext_resource path="res://scenes/effects/INCOMING.tscn" type="PackedScene" id=4]
[ext_resource path="res://scenes/menus/VictoryScreen.tscn" type="PackedScene" id=6]
[ext_resource path="res://scenes/Gameplay.gd" type="Script" id=7]
[ext_resource path="res://scenes/menus/DefeatScreen.tscn" type="PackedScene" id=8]

[sub_resource type="RectangleShape2D" id=1]
extents = Vector2( 3724.94, 19.0466 )

[node name="Node2D" type="Node2D"]
script = ExtResource( 7 )

[node name="Background" type="ColorRect" parent="."]
margin_left = -2.1189
margin_right = 1922.88
margin_bottom = 1086.0
color = Color( 0, 0, 0, 1 )
__meta__ = {
"_edit_use_anchors_": false
}

[node name="Horizon" type="ColorRect" parent="."]
margin_left = 2.0
margin_top = 971.0
margin_right = 1926.0
margin_bottom = 978.0
__meta__ = {
"_edit_use_anchors_": false
}

[node name="StaticBody2D" type="StaticBody2D" parent="Horizon"]
collision_layer = 16
collision_mask = 3

[node name="CollisionShape2D" type="CollisionShape2D" parent="Horizon/StaticBody2D"]
position = Vector2( 962.498, 15.0859 )
shape = SubResource( 1 )

[node name="Enemies" type="Node2D" parent="."]

[node name="Player_Ship" parent="." instance=ExtResource( 1 )]
position = Vector2( 956.149, 964.918 )

[node name="HUD" parent="." instance=ExtResource( 3 )]
margin_left = -8.9306
margin_top = 3.39941
margin_right = -8.9306
margin_bottom = 3.39941

[node name="Clouds" parent="." instance=ExtResource( 2 )]
position = Vector2( 2112.33, 159.313 )

[node name="CanvasModulate" type="CanvasModulate" parent="."]
color = Color( 0.117647, 1, 0.0901961, 1 )

[node name="VictoryScreen" parent="." instance=ExtResource( 6 )]
visible = false

[node name="DefeatScreen" parent="." instance=ExtResource( 8 )]
visible = false

[node name="INCOMING" parent="." instance=ExtResource( 4 )]
